@misc{wiki_php,
  title={Wikipedia-artikkeli: PHP-Ohjelmointikieli},
  url={http://en.wikipedia.org/wiki/PHP}
}
@misc{wiki_hiphop,
	title={Wikipedia-artikkeli: HipHop},
  	url="http://en.wikipedia.org/wiki/HipHop_Virtual_Machine"
}
@misc{wiki_fs_programming,
	title={Wikipedia-artikkeli: F\#-ohjelmointikieli},
  	url="http://en.wikipedia.org/wiki/F_Sharp_%28programming_language%29"
}
@misc{wikib_fs_classes,
	title="Wikikirja: F$\#$-ohjelmointi, luokat",
 	url="http://en.wikibooks.org/wiki/F_Sharp_Programming/Classes"
}
@misc{man_php_kws,
	title={PHP-manuaali: varatut sanat},
  	url="http://php.net/manual/en/reserved.keywords.php"
}
@misc{man_php_types_float,
	title={PHP-manuaali: Liukulukutyypit},
  	url="http://php.net/manual/en/language.types.float.php"
}
@misc{man_php_variables,
	title={PHP-manuaali: Muuttujat},  	
  	url="http://php.net/manual/en/language.variables.basics.php"
}
@misc{man_php_constants,
	title={PHP-manuaali: Vakiot},
  	url="http://php.net/manual/en/language.constants.php"
}
@misc{wiki_ml,
	title={Wikipedia-artikkeli: ML-ohjelmointikieli},
	url="http://en.wikipedia.org/wiki/ML_%28programming_language%29"
}


@misc{stackoverflow_1,
	title={Stackoverlow: Sis채kk채iset funktiot PHP-kieless채},
	url="http://stackoverflow.com/questions/1631535/function-inside-a-function"
}
@misc{msn_loops,
	title={Microsoft F$\#$-tutoriaali, for-in},
	url="https://msdn.microsoft.com/en-us/library/dd233227.aspx"
}
@misc{man_php_scope,
	title={PHP-manuaali: Muuttijien n채kyvyysalueet},
	url="http://php.net/manual/en/language.variables.scope.php"
}
@misc{man_php_control,
	title={PHP-manuaali: Kontrollirakenteet},
	url="http://php.net/manual/en/language.control-structures.php"
}
@misc{man_php_anon,
	title={PHP-manuaali: Anonyymit funktiot},
	url="http://php.net/manual/en/functions.anonymous.php"
}	